<?xml version="1.0" encoding="UTF-8"?><collection xmlns="http://www.loc.gov/MARC21/slim"><record><leader>00347nam--2200133-i-4500</leader><controlfield tag="001">000030679</controlfield><controlfield tag="002">20161230</controlfield><controlfield tag="005">20161230201038</controlfield><controlfield tag="008">060222s1000------------r-----000-0-eng-d</controlfield><datafield ind1=" " ind2=" " tag="080"><subfield code="a">621.039.5</subfield></datafield><datafield ind1=" " ind2=" " tag="100"><subfield code="a">Littler, D.J., Raffle, J.F</subfield></datafield><datafield ind1=" " ind2=" " tag="245"><subfield code="a">An introduction to reactor physics</subfield></datafield><datafield ind1=" " ind2=" " tag="260"><subfield code="a">London, Pergamon Press, 1955. Viii+196p</subfield></datafield><datafield ind1=" " ind2=" " tag="852"><subfield code="a">10304</subfield></datafield></record></collection>